@online{@koren09,
author = {Yehuda Koren},
title = {The BellKore Solution to the Netflix Grand Prize},
date = {August},
year = {2009},
url = {https://www.netflixprize.com/assets/GrandPrize2009_BPC_BellKor.pdf},}
}

@online{@chen,
	author={Edwin Chen},
	title={Winning the Netflix Prize: A Summary},
	url= {https://blog.echen.me/2011/10/24/winning-the-netflix-prize-a-summary/}
}

@inproceedings{Chang2017,
author = {Chang, Chia-Yang and Lee, Shie-Jue and Lai, Chih-Chin},
year = {2017},
month = {07},
pages = {563-568},
title = {Weighted word2vec based on the distance of words},
doi = {10.1109/ICMLC.2017.8108974}
}


