@misc{funk2006netflix,
	title={Netflix update: Try this at home},
	author={Funk, Simon},
	url={https://sifter.org/~simon/journal/20061211.html},
	year={2006}
}

@inproceedings{koren2008factorization,
	title={Factorization meets the neighborhood: a multifaceted collaborative filtering model},
	author={Koren, Yehuda},
	booktitle={Proceedings of the 14th ACM SIGKDD international conference on Knowledge discovery and data mining},
	pages={426--434},
	year={2008},
	organization={ACM}
}

@article{koren2009bellkor,
	title={The bellkor solution to the netflix grand prize},
	author={Koren, Yehuda},
	journal={Netflix prize documentation},
	volume={81},
	number={2009},
	pages={1--10},
	year={2009}
}

@article{chen2011winning,
	title={Winning the Netflix Prize: A Summary},
	author={Chen, Edwin},
	journal={Edwin Chens Blog Atom},
	year={2011}
}

@article{rendle2012factorization,
	title={Factorization machines with libfm},
	author={Rendle, Steffen},
	journal={ACM Transactions on Intelligent Systems and Technology (TIST)},
	volume={3},
	number={3},
	pages={57},
	year={2012},
	publisher={ACM}
}

@article{ozsoy2016word,
	title={From word embeddings to item recommendation},
	author={Ozsoy, Makbule Gulcin},
	journal={arXiv preprint arXiv:1601.01356},
	year={2016}
}

@inproceedings{chang2017weighted,
	title={Weighted word2vec based on the distance of words},
	author={Chang, Chia-Yang and Lee, Shie-Jue and Lai, Chih-Chin},
	booktitle={2017 International Conference on Machine Learning and Cybernetics (ICMLC)},
	volume={2},
	pages={563--568},
	year={2017},
	organization={IEEE}
}

@article{smith2017two,
	title={Two decades of recommender systems at Amazon. com},
	author={Smith, Brent and Linden, Greg},
	journal={Ieee internet computing},
	volume={21},
	number={3},
	pages={12--18},
	year={2017},
	publisher={IEEE}
}

@article{maaten2008visualizing,
	title={Visualizing data using t-SNE},
	author={Maaten, Laurens van der and Hinton, Geoffrey},
	journal={Journal of machine learning research},
	volume={9},
	number={Nov},
	pages={2579--2605},
	year={2008}
}

@article{wattenberg2016how,
	author = {Wattenberg, Martin and Viégas, Fernanda and Johnson, Ian},
	title = {How to Use t-SNE Effectively},
	journal = {Distill},
	year = {2016},
	url = {http://distill.pub/2016/misread-tsne},
}

@article{van2014accelerating,
	title={Accelerating t-SNE using tree-based algorithms},
	author={Van Der Maaten, Laurens},
	journal={The Journal of Machine Learning Research},
	volume={15},
	number={1},
	pages={3221--3245},
	year={2014},
	publisher={JMLR.org}
}

@inproceedings{schafer2002meta,
	title={Meta-recommendation systems: user-controlled integration of diverse recommendations},
	author={Schafer, J Ben and Konstan, Joseph A and Riedl, John},
	booktitle={Proceedings of the eleventh international conference on Information and knowledge management},
	pages={43--51},
	year={2002},
	organization={ACM}
	}

@article{herlocker2004evaluating,
	title={Evaluating collaborative filtering recommender systems},
	author={Herlocker, Jonathan L and Konstan, Joseph A and Terveen, Loren G and Riedl, John T},
	journal={ACM Transactions on Information Systems (TOIS)},
	volume={22},
	number={1},
	pages={5--53},
	year={2004},
	publisher={ACM}
	}

@inproceedings{herlocker1999algorithmic,
	title={An algorithmic framework for performing collaborative filtering},
	author={Herlocker, Jonathan L and Konstan, Joseph A and Borchers, Al and Riedl, John},
	booktitle={22nd Annual International ACM SIGIR Conference on Research and Development in Information Retrieval, SIGIR 1999},
	pages={230--237},
	year={1999},
	organization={Association for Computing Machinery, Inc}
}


@inproceedings{taijala2018movieexplorer,
  title={Movieexplorer: building an interactive exploration tool from ratings and latent taste spaces},
  author={Taijala, Taavi T and Willemsen, Martijn C and Konstan, Joseph A},
  booktitle={Proceedings of the 33rd Annual ACM Symposium on Applied Computing},
  pages={1383--1392},
  year={2018},
  organization={ACM},
  publisher={ACM}
}

@article{linden2003amazon,
  title={Amazon. com recommendations: Item-to-item collaborative filtering},
  author={Linden, Greg and Smith, Brent and York, Jeremy},
  journal={IEEE Internet computing},
  number={1},
  pages={76--80},
  year={2003},
  publisher={IEEE}
}

@article{mikolov2013efficient,
  title={Efficient estimation of word representations in vector space},
  author={Mikolov, Tomas and Chen, Kai and Corrado, Greg and Dean, Jeffrey},
  journal={arXiv preprint arXiv:1301.3781},
  year={2013}
}

@inproceedings{mikolov2013distributed,
  title={Distributed representations of words and phrases and their compositionality},
  author={Mikolov, Tomas and Sutskever, Ilya and Chen, Kai and Corrado, Greg S and Dean, Jeff},
  booktitle={Advances in neural information processing systems},
  pages={3111--3119},
  year={2013}
}

@article{rong2014word2vec,
  title={word2vec parameter learning explained},
  author={Rong, Xin},
  journal={arXiv preprint arXiv:1411.2738},
  year={2014}
}

@misc{Netflixh3:online,
	author = {},
	title = {Netflix has replaced its 5-star rating system with 'thumbs up, thumbs down' -- here's why | Business Insider},
	howpublished = {\url{https://www.businessinsider.com.au/why-netflix-replaced-its-5-star-rating-system-2017-4}},
	month = {},
	year = {},
	note = {(Accessed on 10/03/2019)}
}

@inproceedings{nobrega2019towards,
  title={Towards explaining recommendations through local surrogate models},
  author={N{\'o}brega, Caio and Marinho, Leandro},
  booktitle={Proceedings of the 34th ACM/SIGAPP Symposium on Applied Computing},
  pages={1671--1678},
  year={2019},
  organization={ACM}
}

@article{ribeiro2016model,
  title={Model-agnostic interpretability of machine learning},
  author={Ribeiro, Marco Tulio and Singh, Sameer and Guestrin, Carlos},
  journal={arXiv preprint arXiv:1606.05386},
  year={2016}
}

@inproceedings{ribeiro2016should,
  title={Why should i trust you?: Explaining the predictions of any classifier},
  author={Ribeiro, Marco Tulio and Singh, Sameer and Guestrin, Carlos},
  booktitle={Proceedings of the 22nd ACM SIGKDD international conference on knowledge discovery and data mining},
  pages={1135--1144},
  year={2016},
  organization={ACM}
}

@article{Akiba2017,
  author    = {Takuya Akiba and
               Shuji Suzuki and
               Keisuke Fukuda},
  title     = {Extremely Large Minibatch {SGD:} Training ResNet-50 on ImageNet in
               15 Minutes},
  journal   = {CoRR},
  volume    = {abs/1711.04325},
  year      = {2017},
  url       = {http://arxiv.org/abs/1711.04325},
  archivePrefix = {arXiv},
  eprint    = {1711.04325},
  timestamp = {Mon, 13 Aug 2018 16:48:43 +0200},
  biburl    = {https://dblp.org/rec/bib/journals/corr/abs-1711-04325},
  bibsource = {dblp computer science bibliography, https://dblp.org}
}

@article{Goyal2017,
  author    = {Priya Goyal and
               Piotr Doll{\'{a}}r and
               Ross B. Girshick and
               Pieter Noordhuis and
               Lukasz Wesolowski and
               Aapo Kyrola and
               Andrew Tulloch and
               Yangqing Jia and
               Kaiming He},
  title     = {Accurate, Large Minibatch {SGD:} Training ImageNet in 1 Hour},
  journal   = {CoRR},
  volume    = {abs/1706.02677},
  year      = {2017},
  url       = {http://arxiv.org/abs/1706.02677},
  archivePrefix = {arXiv},
  eprint    = {1706.02677},
  timestamp = {Mon, 13 Aug 2018 16:49:10 +0200},
  biburl    = {https://dblp.org/rec/bib/journals/corr/GoyalDGNWKTJH17},
  bibsource = {dblp computer science bibliography, https://dblp.org}
}

@article{harper2016movielens,
	title={The movielens datasets: History and context},
	author={Harper, F Maxwell and Konstan, Joseph A},
	journal={Acm transactions on interactive intelligent systems (tiis)},
	volume={5},
	number={4},
	pages={19},
	year={2016},
	publisher={ACM},
	url={https://grouplens.org/datasets/movielens/}
}

@misc{openMovieDB,
	author = {},
	title = {The Open Movie Database},
	howpublished = {\url{https://www.omdbapi.com/}},
	month = {},
	year = {},
	note = {(Accessed on 10/03/2019)}
}

@inbook{Molnar2019interpretable,
	title={Interpretable Machine Learning - A Guide for Making Black Box Models Explainable},
	author={Molnar, Christoph},
	chapter = {Interpretability},
	year={2019},
	publisher={https://christophm.github.io/interpretable-ml-book/}
}

@misc{smilkov2016embedding,
	title={Embedding Projector: Interactive Visualization and Interpretation of Embeddings},
	author={Daniel Smilkov and Nikhil Thorat and Charles Nicholson and Emily Reif and Fernanda B. Viégas and Martin Wattenberg},
	year={2016},
	eprint={1611.05469},
	archivePrefix={arXiv},
	primaryClass={stat.ML}
}

@article{ward1963hierarchical,
	title={Hierarchical grouping to optimize an objective function},
	author={Ward Jr, Joe H},
	journal={Journal of the American statistical association},
	volume={58},
	number={301},
	pages={236--244},
	year={1963},
	publisher={Taylor \& Francis Group}
}

